<?xml version="1.0" encoding="UTF-8"?>
<record xmlns="http://www.loc.gov/MARC21/slim" xmlns:xsi="http://www.w3.org/2001/XMLSchema-instance" xsi:schemaLocation="http://www.loc.gov/MARC21/slim http://www.loc.gov/standards/marcxml/schema/MARC21slim.xsd">
<leader>00000cam a22      a 4500</leader>
<controlfield tag="001">001678038</controlfield>
<controlfield tag="003">NNU</controlfield>
<controlfield tag="005">20150731163636.0</controlfield>
<controlfield tag="008">900810s1933    ua a          000 0 arar</controlfield>
<datafield tag="010" ind1=" " ind2=" ">
<subfield code="a">ne 64001056</subfield>
</datafield>
<datafield tag="035" ind1=" " ind2=" ">
<subfield code="a">(OCoLC)29051799</subfield>
</datafield>
<datafield tag="040" ind1=" " ind2=" ">
<subfield code="a">DLC</subfield>
<subfield code="b">eng</subfield>
<subfield code="c">MNU</subfield>
<subfield code="d">DLC</subfield>
<subfield code="d">EUM</subfield>
<subfield code="d">OCLCF</subfield>
<subfield code="d">OCLCQ</subfield>
<subfield code="d">OCLCO</subfield>
<subfield code="d">NNU</subfield>
</datafield>
<datafield tag="042" ind1=" " ind2=" ">
<subfield code="a">premarc</subfield>
</datafield>
<datafield tag="043" ind1=" " ind2=" ">
<subfield code="a">a------</subfield>
<subfield code="a">f------</subfield>
</datafield>
<datafield tag="050" ind1="0" ind2="0">
<subfield code="a">DS44</subfield>
<subfield code="b">.S3 1933</subfield>
</datafield>
<datafield tag="100" ind1="1" ind2=" ">
<subfield code="6">880-01</subfield>
<subfield code="a">Saʻīd, Amīn.</subfield>
</datafield>
<datafield tag="245" ind1="1" ind2="0">
<subfield code="6">880-02</subfield>
<subfield code="a">Mulūk al-Muslimīn al-muʻāṣirūn wa-duwaluhum :</subfield>
<subfield code="b">dāʼirat maʻārif siyāsīyah sharqīyah fī juzʼayn maʻa mulḥaq khāṣṣ : 137 muʻāhadah wa-wathīqah siyāsīyah /</subfield>
<subfield code="c">taʼlīf Amīn Muḥammad Saʻīd.</subfield>
</datafield>
<datafield tag="260" ind1=" " ind2=" ">
<subfield code="6">880-03</subfield>
<subfield code="a">Miṣr :</subfield>
<subfield code="b">Maṭbaʻat ʻĪsá al-Bābī al-Ḥalabī,</subfield>
<subfield code="c">[1933]</subfield>
</datafield>
<datafield tag="300" ind1=" " ind2=" ">
<subfield code="a">[8], 498 pages :</subfield>
<subfield code="b">illustrations ;</subfield>
<subfield code="c">24 cm</subfield>
</datafield>
<datafield tag="336" ind1=" " ind2=" ">
<subfield code="a">text</subfield>
<subfield code="b">txt</subfield>
<subfield code="2">rdacontent</subfield>
</datafield>
<datafield tag="337" ind1=" " ind2=" ">
<subfield code="a">unmediated</subfield>
<subfield code="b">n</subfield>
<subfield code="2">rdamedia</subfield>
</datafield>
<datafield tag="338" ind1=" " ind2=" ">
<subfield code="a">volume</subfield>
<subfield code="b">nc</subfield>
<subfield code="2">rdacarrier</subfield>
</datafield>
<datafield tag="505" ind1="0" ind2=" ">
<subfield code="a">Miṣr -- al-ʻIrāq -- Bilād al-ʻArab al-Saʻūdīyah -- al-Yaman -- Turkīyā -- Īrān -- Afghānistān -- Sūrīyah -- Sharqī al-Urdun -- Ḥaydarābād -- Albānīyā -- al-Maghrib al-Aqṣá -- Tūnis -- al-Ḥajj -- Ḥaḍramawt -- Musqaṭ -- al-Kuwayt -- al-Baḥrayn -- Mulḥaq khāṣṣ: Jalālat al-Malik Ghāzī al-Awwal, Malik al-ʻIrāq.</subfield>
</datafield>
<datafield tag="651" ind1=" " ind2="0">
<subfield code="a">Islamic countries.</subfield>
</datafield>
<datafield tag="651" ind1=" " ind2="7">
<subfield code="a">Islamic countries.</subfield>
<subfield code="2">fast</subfield>
<subfield code="0">(OCoLC)fst01244130</subfield>
</datafield>
<datafield tag="880" ind1="1" ind2=" ">
<subfield code="6">100-01/</subfield>
<subfield code="a">سعيد، أمين.</subfield>
</datafield>
<datafield tag="880" ind1="1" ind2="0">
<subfield code="6">245-02/</subfield>
<subfield code="a">ملوك المسلمين المعاصرين و دولهم ؛</subfield>
<subfield code="b">دائرة معارف سياسية شرقية في جزأين مع ملحق خاص ؛ ١٣٧ معاهدة ووثيقة سياسية /</subfield>
<subfield code="c">تأليف أمين محمد سعيد.</subfield>
</datafield>
<datafield tag="880" ind1=" " ind2=" ">
<subfield code="6">260-03/</subfield>
<subfield code="a">مصر :</subfield>
<subfield code="b">مطبعة عيسى البابي الحلبي،</subfield>
<subfield code="c">[1933]</subfield>
</datafield>
<datafield tag="OWN" ind1=" " ind2=" ">
<subfield code="a">GENERAL</subfield>
</datafield>
<datafield tag="AVA" ind1=" " ind2=" ">
<subfield code="a">NYU50</subfield>
<subfield code="b">BOBST</subfield>
<subfield code="c">Main Collection</subfield>
<subfield code="d">DS44 .S3</subfield>
<subfield code="e">unavailable</subfield>
<subfield code="t">Unavailable</subfield>
<subfield code="f">1</subfield>
<subfield code="g">1</subfield>
<subfield code="h">N</subfield>
<subfield code="i">0</subfield>
<subfield code="j">MAIN</subfield>
<subfield code="k">0</subfield>
</datafield>
</record>
